<record xmlns="http://www.loc.gov/MARC21/slim" xmlns:xsi="http://www.w3.org/2001/XMLSchema-instance" xsi:schemaLocation="http://www.loc.gov/MARC21/slim http://www.loc.gov/standards/marcxml/schema/MARC21slim.xsd">

  <leader>00895nam a2200217Ia 4500</leader>
  <datafield ind1=" " tag="999" ind2=" ">
    <subfield code="c">836</subfield>
    <subfield code="d">836</subfield>
  </datafield>
  <controlfield tag="008">170816b1997    cr ||||| |||| 00| | spa d</controlfield>
  <datafield ind1=" " tag="020" ind2=" ">
    <subfield code="a">9968742554</subfield>
  </datafield>
  <datafield tag="090" ind1=" " ind2=" ">
    <subfield code="a">02.04.02 </subfield>
    <subfield code="b">2124</subfield>
  </datafield>
  <datafield tag="100" ind1="1" ind2=" ">
    <subfield code="a">Ramellini Centella, Teresita</subfield>
    <subfield code="9">3061</subfield>
  </datafield>
  <datafield ind1="1" tag="245" ind2="0">
    <subfield code="a">Estrategias de intervención especializada con personas afectadas por la violencia intrafamiliar: emprendiendo un camino / </subfield>
    <subfield code="c">Teresita Ramellini Centella, Sylvia Mesa Peluffo</subfield>
  </datafield>
  <datafield ind1=" " tag="260" ind2=" ">
    <subfield code="a">San José, Costa Rica : </subfield>
    <subfield code="b">Centro Nacional para el Desarrollo de la Mujer y la Familia, </subfield>
    <subfield code="c">1997</subfield>
  </datafield>
  <datafield ind2=" " ind1=" " tag="300">
    <subfield code="a">113 páginas</subfield>
  </datafield>
  <datafield tag="490" ind1=" " ind2=" ">
    <subfield code="a">Colección Metodologías,</subfield>
    <subfield code="v">7</subfield>
  </datafield>
  <datafield tag="490" ind1=" " ind2=" ">
    <subfield code="a">Sentir, pensar y enfrentar la violencia intrafamiliar,</subfield>
    <subfield code="v">4</subfield>
  </datafield>
  <datafield tag="650" ind1="1" ind2="4">
    <subfield code="9">1063</subfield>
    <subfield code="a">VIOLENCIA DOMÉSTICA</subfield>
  </datafield>
  <datafield ind2="4" tag="650" ind1="1">
    <subfield code="a">VIOLENCIA CONTRA LAS MUJERES</subfield>
    <subfield code="9">85</subfield>
  </datafield>
  <datafield ind2="4" ind1="1" tag="650">
    <subfield code="a">CAPACITACIÓN</subfield>
    <subfield code="9">729</subfield>
  </datafield>
  <datafield tag="650" ind1="1" ind2="4">
    <subfield code="a">MEDIOS DE ENSEÑANZA</subfield>
    <subfield code="9">29</subfield>
  </datafield>
  <datafield ind2=" " tag="700" ind1="1">
    <subfield code="a">Mesa Peluffo, Sylvia</subfield>
    <subfield code="9">3062</subfield>
  </datafield>
  <datafield ind1=" " tag="942" ind2=" ">
    <subfield code="2">z</subfield>
    <subfield code="c">01</subfield>
  </datafield>
</record>